<?xml version="1.0" encoding="UTF-8"?><collection xmlns="http://www.loc.gov/MARC21/slim"><record><leader>00640nam--2200193-i-4500</leader><controlfield tag="001">000045839</controlfield><controlfield tag="002">20161230</controlfield><controlfield tag="005">20161230201045</controlfield><controlfield tag="008">060222s1000------------r-----000-0-fre-d</controlfield><datafield ind1=" " ind2=" " tag="040"><subfield code="a">IFIN-HH</subfield></datafield><datafield ind1=" " ind2=" " tag="041"><subfield code="a">fre</subfield></datafield><datafield ind1=" " ind2=" " tag="080"><subfield code="a">535.822.17:535.41</subfield></datafield><datafield ind1="1" ind2=" " tag="100"><subfield code="a">Francon, Maurice</subfield></datafield><datafield ind1="1" ind2="0" tag="245"><subfield code="a">Contraste de phase et contraste par interferences (15-21 Mai 1951)</subfield><subfield code="b">Memoires te discussions publies par</subfield><subfield code="c">Maurice Francon</subfield></datafield><datafield ind1=" " ind2=" " tag="260"><subfield code="a">Paris</subfield><subfield code="b">Editions da la "Revue d'optique theorique et instumentale"</subfield><subfield code="c">1952</subfield></datafield><datafield ind1=" " ind2=" " tag="300"><subfield code="a">264 p</subfield></datafield><datafield ind1=" " ind2=" " tag="490"><subfield code="a">Colloques de la Commission Internationale d'Optique</subfield></datafield><datafield ind1=" " ind2=" " tag="852"><subfield code="a">10370</subfield><subfield code="c">535</subfield></datafield><datafield ind1=" " ind2=" " tag="CAT"><subfield code="a">Sys</subfield><subfield code="c">20101018</subfield><subfield code="h">132027</subfield></datafield></record></collection>